<record><leader>00000cas a22000007a 4500</leader><controlfield tag="001">16510904</controlfield><controlfield tag="008">870819c19879999azuwr ne      0   a0eng d</controlfield><datafield ind1=" " ind2=" " tag="010"><subfield code="a">sn 87002596 </subfield></datafield><datafield ind1=" " ind2=" " tag="040"><subfield code="a">NSD</subfield><subfield code="b">eng</subfield><subfield code="c">NSD</subfield><subfield code="d">NST</subfield><subfield code="d">ANN</subfield><subfield code="d">DLC</subfield><subfield code="d">ANN</subfield><subfield code="d">OCLCQ</subfield><subfield code="d">OCLCF</subfield><subfield code="d">OCLCO</subfield></datafield><datafield ind1=" " ind2=" " tag="012"><subfield code="i">8912</subfield><subfield code="k">1</subfield><subfield code="m">p</subfield></datafield><datafield ind1="1" ind2=" " tag="022"><subfield code="a">0895-1632</subfield><subfield code="l">0895-1632</subfield><subfield code="y">0273-9542</subfield><subfield code="2">1</subfield></datafield><datafield ind1="1" ind2=" " tag="029"><subfield code="a">AU@</subfield><subfield code="b">000020481851</subfield></datafield><datafield ind1="1" ind2=" " tag="029"><subfield code="a">NZ1</subfield><subfield code="b">16074035</subfield></datafield><datafield ind1=" " ind2=" " tag="032"><subfield code="a">588410</subfield><subfield code="b">USPS</subfield></datafield><datafield ind1=" " ind2=" " tag="037"><subfield code="b">The Business Journal, P.O. Box 16718, Phoenix, AZ 85011</subfield></datafield><datafield ind1=" " ind2=" " tag="042"><subfield code="a">nsdp</subfield></datafield><datafield ind1=" " ind2=" " tag="043"><subfield code="a">n-us-az</subfield></datafield><datafield ind1=" " ind2="4" tag="050"><subfield code="a">HC108.P54</subfield><subfield code="b">P48x</subfield></datafield><datafield ind1=" " ind2="4" tag="082"><subfield code="a">658</subfield></datafield><datafield ind1="0" ind2=" " tag="130"><subfield code="a">Business journal (Phoenix, Ariz.)</subfield></datafield><datafield ind1=" " ind2="4" tag="222"><subfield code="a">The Business journal</subfield><subfield code="b">(Phoenix, Ariz.)</subfield></datafield><datafield ind1="0" ind2="4" tag="245"><subfield code="a">The business journal.</subfield></datafield><datafield ind1=" " ind2=" " tag="260"><subfield code="a">Phoenix, Ariz. :</subfield><subfield code="b">The Business Journal,</subfield><subfield code="c">1987-</subfield></datafield><datafield ind1=" " ind2=" " tag="300"><subfield code="a">v.</subfield></datafield><datafield ind1=" " ind2=" " tag="310"><subfield code="a">Weekly</subfield></datafield><datafield ind1="0" ind2=" " tag="362"><subfield code="a">Vol. 7, no. 37 (week of July 27, 1987)-</subfield></datafield><datafield ind1="8" ind2=" " tag="521"><subfield code="a">"Serving Phoenix &amp; the Valley of the Sun."</subfield></datafield><datafield ind1=" " ind2=" " tag="530"><subfield code="a">Also available online.</subfield></datafield><datafield ind1=" " ind2="0" tag="651"><subfield code="a">Phoenix (Ariz.)</subfield><subfield code="v">Newspapers.</subfield></datafield><datafield ind1=" " ind2="0" tag="651"><subfield code="a">Maricopa County (Ariz.)</subfield><subfield code="v">Newspapers.</subfield></datafield><datafield ind1=" " ind2="7" tag="655"><subfield code="a">Newspapers.</subfield><subfield code="2">fast</subfield><subfield code="0">(OCoLC)fst01423814</subfield></datafield><datafield ind1=" " ind2="7" tag="651"><subfield code="a">Arizona</subfield><subfield code="z">Maricopa County.</subfield><subfield code="2">fast</subfield><subfield code="0">(OCoLC)fst01217111</subfield></datafield><datafield ind1=" " ind2="7" tag="651"><subfield code="a">Arizona</subfield><subfield code="z">Phoenix.</subfield><subfield code="2">fast</subfield><subfield code="0">(OCoLC)fst01213753</subfield></datafield><datafield ind1=" " ind2=" " tag="752"><subfield code="a">United States</subfield><subfield code="b">Arizona</subfield><subfield code="c">Maricopa</subfield><subfield code="d">Phoenix.</subfield></datafield><datafield ind1="1" ind2=" " tag="776"><subfield code="t">Business journal (Phoenix, Ariz. : Online)</subfield><subfield code="w">(DLC)   98646972</subfield><subfield code="w">(OCoLC)39983625</subfield></datafield><datafield ind1="0" ind2="0" tag="780"><subfield code="t">Greater Phoenix business journal</subfield><subfield code="x">0890-9644</subfield><subfield code="w">(DLC)   86002856</subfield></datafield><datafield ind1=" " ind2=" " tag="850"><subfield code="a">AzTeS</subfield></datafield><datafield ind1="4" ind2="1" tag="856"><subfield code="u">http://www.amcity.com/phoenix/</subfield></datafield></record>